[gd_scene load_steps=16 format=2]

[ext_resource path="res://scripts/3d_scene_root.gd" type="Script" id=1]
[ext_resource path="res://environments/panorama_field.tres" type="Environment" id=2]
[ext_resource path="res://prefabs/basic_water_material/models/terrain.tscn" type="PackedScene" id=3]
[ext_resource path="res://prefabs/basic_water_material/textures/water_normal_2.png" type="Texture" id=4]
[ext_resource path="res://textures/oceanic_sand_color.png" type="Texture" id=5]
[ext_resource path="res://textures/oceanic_sand_occlusion.png" type="Texture" id=6]
[ext_resource path="res://textures/oceanic_sand_specular.png" type="Texture" id=7]
[ext_resource path="res://textures/oceanic_sand_normal.png" type="Texture" id=8]
[ext_resource path="res://audio/capture_complete.ogg" type="AudioStream" id=9]

[sub_resource type="SpatialMaterial" id=1]
flags_transparent = true
params_depth_draw_mode = 3
albedo_color = Color( 0.0941176, 0.25098, 0.227451, 0.862745 )
metallic = 0.01
roughness = 0.0
normal_enabled = true
normal_scale = 0.03
normal_texture = ExtResource( 4 )
subsurf_scatter_enabled = true
subsurf_scatter_strength = 0.02
subsurf_scatter_texture = ExtResource( 4 )
refraction_enabled = true
refraction_scale = 0.02
refraction_texture = ExtResource( 4 )
refraction_texture_channel = 0
uv1_scale = Vector3( 20, 20, 1 )

[sub_resource type="PlaneMesh" id=2]
material = SubResource( 1 )
size = Vector2( 35, 35 )

[sub_resource type="Animation" id=3]
length = 10.0
tracks/0/type = "value"
tracks/0/path = NodePath(".:mesh:material:uv1_offset")
tracks/0/interp = 1
tracks/0/loop_wrap = true
tracks/0/imported = false
tracks/0/enabled = true
tracks/0/keys = {
"times": PoolRealArray( 0, 10 ),
"transitions": PoolRealArray( 1, 1 ),
"update": 0,
"values": [ Vector3( 0, 0, 0 ), Vector3( 1, 0, 0 ) ]
}

[sub_resource type="SpatialMaterial" id=4]
albedo_color = Color( 0.462745, 0.478431, 0.635294, 1 )
albedo_texture = ExtResource( 5 )
metallic = 0.05
metallic_specular = 0.08
metallic_texture = ExtResource( 7 )
normal_enabled = true
normal_scale = 1.0
normal_texture = ExtResource( 8 )
anisotropy_enabled = true
anisotropy = 0.0
ao_enabled = true
ao_light_affect = 0.15
ao_texture = ExtResource( 6 )
ao_on_uv2 = false
ao_texture_channel = 0
uv1_triplanar = true

[sub_resource type="PlaneMesh" id=5]
material = SubResource( 4 )
size = Vector2( 135, 135 )

[sub_resource type="GDScript" id=6]
script/source = "extends Node

# Declare member variables here. Examples:
# var a = 2
# var b = \"text\"
var capture_count : int = 0

var capture_time : float = 1.00 # minute(s)
var current_capture_time : float = 0.00

onready var complete_sound = $AudioStreamPlayer

# Called when the node enters the scene tree for the first time.
func _ready():
	set_physics_process(false)
	complete_sound.connect(\"finished\", self, \"_on_completeSound_finished\")
	pass # Replace with function body.

# Called every frame. 'delta' is the elapsed time since the previous frame.
#func _process(delta):
#	pass

func _physics_process(delta):
	if current_capture_time < capture_time:
		current_capture_time += delta
		screen_cap()
	else:
		complete_sound.play()
		pass
	pass

func _on_completeSound_finished():
	get_tree().quit()
	pass

func screen_cap():
	# start screen capture
#	get_viewport().queue_screen_capture()
#	yield(get_tree(), \"idle_frame\")
#	yield(get_tree(), \"idle_frame\")
	
	# get screen capture
	var capture = get_viewport().get_texture().get_data()
	capture.flip_y()
	# save to a file
#	var current_day = String(OS.get_datetime().day)
#	var current_month = String(OS.get_datetime().month)
#	var current_year = String(OS.get_datetime().year)
#	var current_hour = String(OS.get_datetime().hour)
#	var current_minute = String(OS.get_datetime().minute)
#	var current_date_time = current_day + \"-\" + current_month + \"-\" + current_year + \"_\" + current_hour + \":\" + current_minute
	var result = capture.save_png(\"user://window_captures//capture_\" + String(capture_count) + \".png\")
	
	
	capture_count += 1
	pass"

[node name="3DSceneRoot" type="Spatial"]
script = ExtResource( 1 )

[node name="WorldEnvironment" type="WorldEnvironment" parent="."]
environment = ExtResource( 2 )

[node name="Node" type="Spatial" parent="."]
transform = Transform( 1, 0, 0, 0, 1, 0, 0, 0, 1, 0, 1, -4.26326e-014 )

[node name="terrain" parent="Node" instance=ExtResource( 3 )]
visible = false

[node name="Water" type="MeshInstance" parent="Node"]
transform = Transform( 1, 0, 0, 0, 1, 0, 0, 0, 1, 0, -0.600813, 0 )
use_in_baked_light = true
mesh = SubResource( 2 )
material/0 = null

[node name="AnimationPlayer" type="AnimationPlayer" parent="Node/Water"]
playback_default_blend_time = 0.1
playback_speed = 2.0
anims/uv_water = SubResource( 3 )

[node name="Sand" type="MeshInstance" parent="Node"]
transform = Transform( 1, 0, 0, 0, 1, 0, 0, 0, 1, 0, -25, 0 )
use_in_baked_light = true
mesh = SubResource( 5 )
material/0 = null

[node name="Camera" type="Camera" parent="."]
transform = Transform( 1, 0, 0, 0, -5.96046e-008, 1, 0, -1, -5.96046e-008, 0, 4, 0 )
projection = 1
fov = 68.0
size = 7.5

[node name="DirectionalLight" type="DirectionalLight" parent="."]
transform = Transform( 1, 0, 0, 0, 0.573576, 0.819152, 0, -0.819152, 0.573576, 0, 40, 0 )

[node name="WindowImageCapture" type="Node" parent="."]
script = SubResource( 6 )

[node name="AudioStreamPlayer" type="AudioStreamPlayer" parent="WindowImageCapture"]
stream = ExtResource( 9 )

